{
  "leader": "02871cam a22004571i 4500",
  "fields": [
    {
      "001": "ocm00513246\\"
    },
    {
      "003": "OCoLC"
    },
    {
      "005": "20221208165652.0"
    },
    {
      "008": "721212t19591959cauabc\\\\\\b\\\\\\\\000\\0\\eng\\\\"
    },
    {
      "007": "ta"
    },
    {
      "010": {
        "ind1": "\\",
        "ind2": "\\",
        "subfields": [
          {
            "a": "   59012537 "
          }
        ]
      }
    },
    {
      "040": {
        "ind1": "\\",
        "ind2": "\\",
        "subfields": [
          {
            "a": "DLC"
          },
          {
            "b": "eng"
          },
          {
            "c": "DLC"
          },
          {
            "d": "WSU"
          },
          {
            "d": "FDA"
          },
          {
            "d": "RIU"
          },
          {
            "d": "SER"
          },
          {
            "d": "UKM"
          },
          {
            "d": "MUQ"
          },
          {
            "d": "NLGGC"
          },
          {
            "d": "AU@"
          },
          {
            "d": "CRU"
          },
          {
            "d": "DEBBG"
          },
          {
            "d": "GAP"
          },
          {
            "d": "OCLCF"
          },
          {
            "d": "OCLCQ"
          },
          {
            "d": "SP1"
          },
          {
            "d": "OCLCQ"
          },
          {
            "d": "CSJ"
          },
          {
            "d": "NLC"
          },
          {
            "d": "DHA"
          },
          {
            "d": "OCLCQ"
          },
          {
            "d": "CSO"
          },
          {
            "d": "CPO"
          },
          {
            "d": "OCLCQ"
          },
          {
            "d": "OCLCA"
          },
          {
            "d": "UKMGB"
          },
          {
            "d": "U3G"
          },
          {
            "d": "OCLCQ"
          },
          {
            "d": "BUF"
          },
          {
            "d": "VI#"
          },
          {
            "d": "CFI"
          },
          {
            "d": "VVB"
          },
          {
            "d": "ZQC"
          },
          {
            "d": "OCLCO"
          }
        ]
      }
    },
    {
      "016": {
        "ind1": "\\",
        "ind2": "\\",
        "subfields": [
          {
            "a": "(AMICUS)000008960036"
          }
        ]
      }
    },
    {
      "016": {
        "ind1": "7",
        "ind2": "\\",
        "subfields": [
          {
            "a": "011559830"
          },
          {
            "2": "Uk"
          }
        ]
      }
    },
    {
      "019": {
        "ind1": "\\",
        "ind2": "\\",
        "subfields": [
          {
            "a": "1135397"
          },
          {
            "a": "635839147"
          },
          {
            "a": "972066850"
          },
          {
            "a": "1086704144"
          },
          {
            "a": "1152673958"
          },
          {
            "a": "1165616720"
          },
          {
            "a": "1200994684"
          },
          {
            "a": "1201013441"
          },
          {
            "a": "1201603959"
          },
          {
            "a": "1201829004"
          },
          {
            "a": "1201847882"
          },
          {
            "a": "1201849167"
          },
          {
            "a": "1201896737"
          },
          {
            "a": "1202014240"
          },
          {
            "a": "1202014295"
          },
          {
            "a": "1229546652"
          }
        ]
      }
    },
    {
      "035": {
        "ind1": "\\",
        "ind2": "\\",
        "subfields": [
          {
            "a": "(OCoLC)513246"
          },
          {
            "z": "(OCoLC)1135397"
          },
          {
            "z": "(OCoLC)635839147"
          },
          {
            "z": "(OCoLC)972066850"
          },
          {
            "z": "(OCoLC)1086704144"
          },
          {
            "z": "(OCoLC)1152673958"
          },
          {
            "z": "(OCoLC)1165616720"
          },
          {
            "z": "(OCoLC)1200994684"
          },
          {
            "z": "(OCoLC)1201013441"
          },
          {
            "z": "(OCoLC)1201603959"
          },
          {
            "z": "(OCoLC)1201829004"
          },
          {
            "z": "(OCoLC)1201847882"
          },
          {
            "z": "(OCoLC)1201849167"
          },
          {
            "z": "(OCoLC)1201896737"
          },
          {
            "z": "(OCoLC)1202014240"
          },
          {
            "z": "(OCoLC)1202014295"
          },
          {
            "z": "(OCoLC)1229546652"
          }
        ]
      }
    },
    {
      "042": {
        "ind1": "\\",
        "ind2": "\\",
        "subfields": [
          {
            "a": "premarc"
          }
        ]
      }
    },
    {
      "043": {
        "ind1": "\\",
        "ind2": "\\",
        "subfields": [
          {
            "a": "n-us-ca"
          }
        ]
      }
    },
    {
      "050": {
        "ind1": "\\",
        "ind2": "4",
        "subfields": [
          {
            "a": "NA9127.S3"
          },
          {
            "b": "S36 1959"
          }
        ]
      }
    },
    {
      "082": {
        "ind1": "0",
        "ind2": "4",
        "subfields": [
          {
            "a": "711.40979461"
          },
          {
            "b": "SCO"
          }
        ]
      }
    },
    {
      "100": {
        "ind1": "1",
        "ind2": "\\",
        "subfields": [
          {
            "a": "Scott, Mel,"
          },
          {
            "d": "1906-1988,"
          },
          {
            "e": "author."
          }
        ]
      }
    },
    {
      "245": {
        "ind1": "1",
        "ind2": "4",
        "subfields": [
          {
            "a": "The San Francisco Bay area :"
          },
          {
            "b": "a metropolis in perspective /"
          },
          {
            "c": "[by] Mel Scott."
          }
        ]
      }
    },
    {
      "264": {
        "ind1": "\\",
        "ind2": "1",
        "subfields": [
          {
            "a": "Berkeley, CA :"
          },
          {
            "b": "University of California Press,"
          },
          {
            "c": "[1959]"
          }
        ]
      }
    },
    {
      "264": {
        "ind1": "\\",
        "ind2": "4",
        "subfields": [
          {
            "c": "\u00a91959"
          }
        ]
      }
    },
    {
      "300": {
        "ind1": "\\",
        "ind2": "\\",
        "subfields": [
          {
            "a": "333 pages :"
          },
          {
            "b": "illustrations, maps, portraits ;"
          },
          {
            "c": "28 cm"
          }
        ]
      }
    },
    {
      "336": {
        "ind1": "\\",
        "ind2": "\\",
        "subfields": [
          {
            "a": "text"
          },
          {
            "b": "txt"
          },
          {
            "2": "rdacontent"
          }
        ]
      }
    },
    {
      "337": {
        "ind1": "\\",
        "ind2": "\\",
        "subfields": [
          {
            "a": "unmediated"
          },
          {
            "b": "n"
          },
          {
            "2": "rdamedia"
          }
        ]
      }
    },
    {
      "338": {
        "ind1": "\\",
        "ind2": "\\",
        "subfields": [
          {
            "a": "volume"
          },
          {
            "b": "nc"
          },
          {
            "2": "rdacarrier"
          }
        ]
      }
    },
    {
      "504": {
        "ind1": "\\",
        "ind2": "\\",
        "subfields": [
          {
            "a": "Includes bibliographical references (pages 317-323)."
          }
        ]
      }
    },
    {
      "520": {
        "ind1": "\\",
        "ind2": "\\",
        "subfields": [
          {
            "a": "Review of 190 years of urban growth, and an analysis of the forces that have helped to shape the Bay area."
          }
        ]
      }
    },
    {
      "505": {
        "ind1": "0",
        "ind2": "0",
        "subfields": [
          {
            "t": "Heritage -- Mother of cities -- Plow, the iron horse, and new towns -- Urban rivalries -- Heyday of enterprise -- Burnham plan for San Francisco -- Oakland, end of the village tradition -- Greater San Francisco movement -- Panama Canal, stimulus to planning -- Seeds of metropolitan regionalism -- Fred Dohrmann and the regional plan association -- Prosperity and projects -- Progress in troubled times -- Crisis in an arsenal of democracy -- Postwar planning -- Regional metropolis."
          }
        ]
      }
    },
    {
      "650": {
        "ind1": "\\",
        "ind2": "0",
        "subfields": [
          {
            "a": "Regional planning"
          },
          {
            "z": "California"
          },
          {
            "z": "San Francisco Bay Area."
          }
        ]
      }
    },
    {
      "651": {
        "ind1": "\\",
        "ind2": "0",
        "subfields": [
          {
            "a": "San Francisco Bay Area (Calif.)"
          }
        ]
      }
    },
    {
      "650": {
        "ind1": "\\",
        "ind2": "0",
        "subfields": [
          {
            "a": "City planning"
          },
          {
            "z": "California"
          },
          {
            "z": "San Francisco Bay Area."
          }
        ]
      }
    },
    {
      "650": {
        "ind1": "\\",
        "ind2": "7",
        "subfields": [
          {
            "a": "Regional planning."
          },
          {
            "2": "fast"
          },
          {
            "0": "(OCoLC)fst01093120"
          }
        ]
      }
    },
    {
      "651": {
        "ind1": "\\",
        "ind2": "7",
        "subfields": [
          {
            "a": "California"
          },
          {
            "z": "San Francisco Bay Area."
          },
          {
            "2": "fast"
          },
          {
            "0": "(OCoLC)fst01242397"
          }
        ]
      }
    },
    {
      "655": {
        "ind1": "\\",
        "ind2": "7",
        "subfields": [
          {
            "a": "History."
          },
          {
            "2": "fast"
          },
          {
            "0": "(OCoLC)fst01411628"
          }
        ]
      }
    },
    {
      "776": {
        "ind1": "0",
        "ind2": "8",
        "subfields": [
          {
            "i": "Online version:"
          },
          {
            "a": "Scott, Mel, 1906-"
          },
          {
            "t": "San Francisco Bay area."
          },
          {
            "d": "Berkeley, University of California Press, 1959"
          },
          {
            "w": "(OCoLC)560319173"
          }
        ]
      }
    },
    {
      "994": {
        "ind1": "\\",
        "ind2": "\\",
        "subfields": [
          {
            "a": "Z0"
          },
          {
            "b": "NYRVC"
          }
        ]
      }
    },
    {
      "948": {
        "ind1": "\\",
        "ind2": "\\",
        "subfields": [
          {
            "h": "NO HOLDINGS IN NYRVC - 416 OTHER HOLDINGS"
          }
        ]
      }
    },
    {
      "999": {
        "ind1": "\\",
        "ind2": "\\",
        "subfields": [
          {
            "a": "00000000017312"
          }
        ]
      }
    }
  ]
}